@article{mds,
    author = {Trevor F. Cox and Mike Cox},
    title = {Multidimensional Scaling},
    volume = {2nd edition},
    year = {2001},
    journal = {Chapman Hall}
}

@article{dimension,
	author = {Tenenbaum, Joshua B. and Silva, Vin de and Langford, John C.},
	title = {A Global Geometric Framework for Nonlinear Dimensionality Reduction},
	volume = {290},
	number = {5500},
	pages = {2319--2323},
	year = {2000},
	journal = {Science}
}

@article{manifold,
	author = {W. Kim and M.M. Crawford and and S. Lee},
	title = {Integrating Spatial Proximity with Manifold Learning for Hyperspectral Data},
	volume = {26},
    number = {6},
	pages = {693--703},
	year = {2010},
	journal = {Korean Journal of Remote Sensing}
}

@techreport{proof,
    author = {Ali Ghodsi},
    title = {Dimensionality Reduction A Short Tutorial},
    journal = {Technicla Report},
    institution = {University of Waterloo},
    year = {2006}
}

@book{matlab,
    year = {2010},
    author = {MATLAB},
    title = {version R2018b},
    publisher = {The MathWorks Inc.},
    address = {Natick, Massachusetts}
}
