@article{mds,
    author = {Trevor F. Cox and Mike Cox},
    title = {Multidimensional Scaling},
    volume = {2nd edition},
    year = {2001},
    journal = {Chapman Hall}
}

@article{dimension,
    author = {Tenenbaum, Joshua B. and Silva, Vin de and Langford, John C.},
    title = {A Global Geometric Framework for Nonlinear Dimensionality Reduction},
    volume = {290},
    number = {5500},
    pages = {2319--2323},
    year = {2000},
    journal = {Science}
}

@article{manifold_mds,
    author = {W. Kim and M.M. Crawford and and S. Lee},
    title = {Integrating Spatial Proximity with Manifold Learning for Hyperspectral Data},
    volume = {26},
    number = {6},
    pages = {693--703},
    year = {2010},
    journal = {Korean Journal of Remote Sensing}
}

@techreport{proof,
    author = {Ali Ghodsi},
    title = {Dimensionality Reduction A Short Tutorial},
    journal = {Technicla Report},
    institution = {University of Waterloo},
    year = {2006}
}

@book{matlab,
    year = {2010},
    author = {MATLAB},
    title = {version R2018b},
    publisher = {The MathWorks Inc.},
    address = {Natick, Massachusetts}
}

@article {lle,
    author = {Roweis, Sam T. and Saul, Lawrence K.},
    title = {Nonlinear Dimensionality Reduction by Locally Linear Embedding},
    volume = {290},
    number = {5500},
    pages = {2323--2326},
    year = {2000},
    publisher = {American Association for the Advancement of Science},
    URL = {http://science.sciencemag.org/content/290/5500/2323},
    journal = {Science}
}

@article{homogeneous1,
    author={T. Hastie and R. Tibshirani},
    journal={IEEE Transactions on Pattern Analysis and Machine Intelligence},
    title={Discriminant adaptive nearest neighbor classification},
    year={1996},
    volume={18},
    number={6},
    pages={607-616},
    month={June}
}

@article{homogeneous2,
    author={C. Domeniconi and Jing Peng and D. Gunopulos},
    journal={IEEE Transactions on Pattern Analysis and Machine Intelligence},
    title={Locally adaptive metric nearest-neighbor classification},
    year={2002},
    volume={24},
    number={9},
    pages={1281-1285},
    month={Sept}
}

@inproceedings{dist1,
    author = {Weinberger, Kilian Q. and Blitzer, John and Saul, Lawrence K.},
    title = {Distance Metric Learning for Large Margin Nearest Neighbor Classification},
    booktitle = {Proceedings of the 18th International Conference on Neural Information Processing Systems},
    series = {NIPS'05},
    year = {2005},
    pages = {1473--1480},
    url = {http://dl.acm.org/citation.cfm?id=2976248.2976433},
    publisher = {MIT Press},
    address = {Cambridge, MA, USA},
}

@article{dist2,
    author={L. Samaniego and A. Bardossy and K. Schulz},
    journal={IEEE Transactions on Geoscience and Remote Sensing},
    title={Supervised Classification of Remotely Sensed Imagery Using a Modified$k$-NN Technique},
    year={2008},
    volume={46},
    number={7},
    pages={2112-2125},
    month={July}
}

@article{manifold1,
    author={T. Han and D. G. Goodenough},
    journal={IEEE Transactions on Geoscience and Remote Sensing},
    title={Investigation of Nonlinearity in Hyperspectral Imagery Using Surrogate Data Methods},
    year={2008},
    volume={46},
    number={10},
    pages={2840-2847},
    month={Oct}
}

@article{manifold2,
    author={C. M. Bachmann and T. L. Ainsworth and R. A. Fusina},
    journal={IEEE Transactions on Geoscience and Remote Sensing},
    title={Exploiting manifold geometry in hyperspectral imagery},
    year={2005},
    volume={43},
    number={3},
    pages={441-454},
    ISSN={0196-2892},
    month={March}
}

@techreport{manifold_lle,
    author = {L. Catyon},
    title = {Algorithms for manifold learning},
    journal = {Technicla Report},
    institution = {CS2008-0923, UCSD},
    year = {2005}
}
